%% Journal article
@article{bib1,
  author		= "Campbell, S. L. and Gear, C. W.",
  title			= "The index of general nonlinear {D}{A}{E}{S}",
  journal		= "Numer. {M}ath.",
  volume		= "72",
  number		= "2",
  pages			= "173--196",
  year			= "1995"
}

%% Journal article with DOI
@article{bib2,
  author		= "Slifka, M. K. and Whitton, J. L.",
  title			= "Clinical implications of dysregulated cytokine production",
  journal		= "J. {M}ol. {M}ed.",
  volume		= "78",
  pages			= "74--80",
  year			= "2000",
  doi			= "10.1007/s001090000086"
}

%% Journal article
@article{bib3,
  author		= "Hamburger, C.",
  title			= "Quasimonotonicity, regularity and duality for nonlinear systems of 
					partial differential equations",
  journal		= "Ann. Mat. Pura. Appl.",
  volume		= "169",
  number		= "2",
  pages			= "321--354",
  year			= "1995"
}

%% book, authored
@book{bib4,
  author		= "Geddes, K. O. and Czapor, S. R. and Labahn, G.",
  title			= "Algorithms for {C}omputer {A}lgebra",
  address		= "Boston",
  publisher		= "Kluwer",
  year			= "1992"
}

%% Item 8. Book, chapter
@incollection{bib5,
  author		= "Broy, M.",
  title			= "Software engineering---from auxiliary to key technologies",
  editor		= "Broy, M. and Denert, E.",
  booktitle		= "Software Pioneers",
  pages			= "10--13",
  address		= "New {Y}ork",
  publisher		= "Springer",
  year			= "1992"
}

%% Book, edited
@book{bib6,
  editor		= "Seymour, R. S.",
  title			= "Conductive {P}olymers",
  address		= "New {Y}ork",
  publisher		= "Plenum",
  year			= "1981"
}

%% Chapter in a book in a series with volume titles
@inproceedings{bib7,
  author		= "Smith, S. E.",
  title			= "Neuromuscular blocking drugs in man",
  editor		= "Zaimis, E.",
  volume		= "42",
  booktitle		= "Neuromuscular junction. {H}andbook of experimental pharmacology",
  pages			= "593--660",
  address		= "Heidelberg",
  publisher		= "Springer",
  year			= "1976"
}

%% Paper presented at a conference
@misc{bib8,
  author		= "Chung, S. T. and Morris, R. L.",
  title			= "Isolation and characterization of plasmid deoxyribonucleic acid from 
					Streptomyces fradiae",
  year			= "1978",
  note			= "Paper presented at the 3rd international symposium on the genetics 
					of industrial microorganisms, University of {W}isconsin, {M}adison, 
					4--9 June 1978"
}

%% Data citation example
@misc{bib9,
  author		= "Hao, Z. and AghaKouchak, A. and Nakhjiri, N. and Farahmand, A.",
  title			= "Global integrated drought monitoring and prediction system (GIDMaPS) data sets", 
  year			= "2014",
  note			= "figshare \url{https://doi.org/10.6084/m9.figshare.853801}"
}

%% Preprint citation example
@misc{bib10, 
  author		= "Babichev, S. A. and Ries, J. and Lvovsky, A. I.",
  title			= "Quantum scissors: teleportation of single-mode optical states by means 
					of a nonlocal single photon", 
  year			= "2002",
  note			= "Preprint at \url{https://arxiv.org/abs/quant-ph/0208066v1}"
}

@article{bib11,
  author		= "Beneke, M. and Buchalla, G. and Dunietz, I.",
  title			= "Mixing induced {CP} asymmetries in inclusive {B} decays",
  journal		= "Phys. {L}ett.",
  volume		= "B393",
  year			= "1997",
  pages			= "132-142",
  archivePrefix		= "arXiv",
  eprint		= "0707.3168",
  primaryClass		= "gr-gc"
}

@softmisc{bib12,
  author		= "Stahl, B.",
  title			= "deep{SIP}: deep learning of {S}upernova {I}a {P}arameters",
  version		= "0.42",
  keywords		= "Software",
  howpublished		= "Astrophysics {S}ource {C}ode {L}ibrary",
  year			= "2020",
  month			= "Jun",
  eid			= "ascl:2006.023",
  pages			= "ascl:2006.023",
  archivePrefix		= "ascl",
  eprint		= "2006.023",
  adsurl		= "{https://ui.adsabs.harvard.edu/abs/2020ascl.soft06023S}",
  adsnote		= "Provided by the SAO/NASA Astrophysics Data System"
}

@article{bib13,
  author = "Abbott, T. M. C. and others",
  collaboration = "DES",
  title = "{Dark Energy Survey Year 1 Results: Constraints on Extended Cosmological Models from Galaxy Clustering and Weak Lensing}",
  eprint = "1810.02499",
  archivePrefix = "arXiv",
  primaryClass = "astro-ph.CO",
  reportNumber = "FERMILAB-PUB-18-507-PPD",
  doi = "10.1103/PhysRevD.99.123505",
  journal = "Phys. Rev. D",
  volume = "99",
  number = "12",
  pages = "123505",
  year = "2019"
}

%%============================================================================%%
%% while using chicago reference style, both abbreviated and expanded form of %%
%% author name format is acceptable. Refer below example for expanded form    %%
%%============================================================================%%

%%  author		= "{Cameron, Deborah}", - single author
%%  author		= "{Saito, Yukio} and {Hyuga, Hiroyuki}", - double author 

%%======================================%%
%% Example for author names with suffix %%
%%======================================%%

%%  author		= "{Price, R. A. Jr} and {Curry, N. {III}} and McCann, K. E. and 
%%					Fielding, J. L. and {Abercrombie, E. Jr}",


% bmc_article.bib
% 
%  An example of bibtex entries.
%  Entries taken from BMC instructions for authors page.

% uncomment next line to make author-year bibliography
% @settings{label, options="nameyear"}

@article{blank,
    author  = {}, 
    title   = {},
    journal = {}, 
    year    = {},
    month   = {}, 
    volume  = {}, 
    number  = {}, 
    pages   = {},
    note    = {} 
}    

% Article within a journal
@article{koon,
    author  = {Koonin, E V and Altschul, S F and P Bork}, 
    title   = {BRCA1 protein products: functional motifs}, 
    journal = {Nat. Genet.}, 
    year    = {1996},
    volume  = {13}, 
    pages   = {266-267}
}    

%%%%%%%%
% Article within conference proceedings
@inproceedings{xjon,
    author    = {X Jones}, 
    title     = {Zeolites and synthetic mechanisms},
    booktitle = {Proceedings of the First National Conference on 
                Porous Sieves: 27-30 June 1996; Baltimore},
    year      = {1996},
    editor    = {Y Smith}, 
    pages     = {16-27},
}    

%%%%%%%%
%  Book chapter, or article within a book
@incollection{schn,
    author    = {E Schnepf}, 
    title     = {From prey via endosymbiont to plastids: 
             comparative studies in dinoflagellates},
    booktitle = {Origins of Plastids}, 
    editor    = {R A Lewin}, 
    publisher = {Chapman and Hall},
    pages     = {53-76}, 
    year      = {1993},
    address = {New York}, 
    edition = {2nd} 
}    

%%%%%%%%
% Complete book
@book{marg,
    author    = {L Margulis}, 
    title     = {Origin of Eukaryotic Cells},
    publisher = {Yale University Press}, 
    year      = {1970},
    address   = {New Haven} 
}


%%%%%%%%
% PHD Thesis
@phdthesis{koha,
    author = {R Kohavi}, 
    title  = {Wrappers for performance enhancement and
             obvious decision graphs},
    school = {Stanford University, Computer Science Department},
    year   = {1995}
}

%%%%%%%%
%  Miscellaneous: webpage link/urL, etc/
@misc{issnic,
    author  = {{ISSN International Centre}},
    title = {The ISSN register},
    url = {http://www.issn.org},
    year = {2006},
    urldate={Accessed 20 Feb 2007}
}

%%%%%%%%%%%%%%%%%%%%%%%%%%%%%%%%%%%%%%%%%%%%%%%%%%%%%%%%%%%%%%%


% Introduction

@article{mctigue2006obesity,
  title={Obesity in older adults: a systematic review of the evidence for diagnosis and treatment},
  author={McTigue, Kathleen M and Hess, Rachel and Ziouras, Jennifer},
  journal={Obesity},
  volume={14},
  number={9},
  pages={1485--1497},
  year={2006},
  publisher={Wiley Online Library}
}

@article{mogo2022systematic,
  title={A Systematic review protocol of opportunities for noncommunicable disease prevention via public space initiatives in African cities},
  author={Mogo, Ebele RI and Lawanson, Taibat and Foley, Louise and Mapa-Tassou, Clarisse and Assah, Felix and Ogunro, Toluwalope and Onifade, Victor and Odekunle, Damilola and Unuigboje, Richard and Blanche, Nfondoh and others},
  journal={International journal of environmental research and public health},
  volume={19},
  number={4},
  pages={2285},
  year={2022},
  publisher={MDPI}
}

@article{sibbald1998understanding,
  title={{Understanding controlled trials. Why are randomised controlled trials important?}},
  author={Sibbald, Bonnie and Roland, Martin},
  journal={BMJ: British Medical Journal},
  volume={316},
  number={7126},
  pages={201},
  year={1998},
  publisher={BMJ Publishing Group}
}

@article{kjaergard1999randomized,
  title={Randomized clinical trials in HEPATOLOGY: predictors of quality},
  author={Kjaergard, Lise Lotte and Nikolova, Dimitrinka and Gluud, Christian},
  journal={Hepatology},
  volume={30},
  number={5},
  pages={1134--1138},
  year={1999},
  publisher={Wiley Online Library}
}

@article{naci2019design,
  title={Design characteristics, risk of bias, and reporting of randomised controlled trials supporting approvals of cancer drugs by European Medicines Agency, 2014-16: cross sectional analysis},
  author={Naci, Huseyin and Davis, Courtney and Savovi{\'c}, Jelena and Higgins, Julian PT and Sterne, Jonathan AC and Gyawali, Bishal and Romo-Sandoval, Xochitl and Handley, Nicola and Booth, Christopher M},
  journal={bmj},
  volume={366},
  year={2019},
  publisher={British Medical Journal Publishing Group}
}


@article{jardim2022automating,
  title={Automating risk of bias assessment in systematic reviews: a real-time mixed methods comparison of human researchers to a machine learning system},
  author={Jardim, Patricia Sofia Jacobsen and Rose, Christopher James and Ames, Heather Melanie and Echavez, Jose Francisco Meneses and Van de Velde, Stijn and Muller, Ashley Elizabeth},
  journal={BMC Medical Research Methodology},
  volume={22},
  number={1},
  pages={1--12},
  year={2022},
  publisher={Springer}
}

@article{hirt2021agreement,
  title={Agreement in Risk of Bias Assessment Between RobotReviewer and Human Reviewers: An Evaluation Study on Randomised Controlled Trials in Nursing-Related Cochrane Reviews},
  author={Hirt, Julian and Meichlinger, Jasmin and Schumacher, Petra and Mueller, Gerhard},
  journal={Journal of Nursing Scholarship},
  volume={53},
  number={2},
  pages={246--254},
  year={2021},
  publisher={Wiley Online Library}
}

@inproceedings{marshall2014automating,
  title={Automating risk of bias assessment for clinical trials},
  author={Marshall, Iain J and Kuiper, Jo{\"e}l and Wallace, Byron C},
  booktitle={proceedings of the 5th ACM Conference on Bioinformatics, Computational Biology, and Health Informatics},
  pages={88--95},
  year={2014}
}

@article{arno2022accuracy,
  title={Accuracy and Efficiency of Machine Learning--Assisted Risk-of-Bias Assessments in “Real-World” Systematic Reviews: A Noninferiority Randomized Controlled Trial},
  author={Arno, Anneliese and Thomas, James and Wallace, Byron and Marshall, Iain J and McKenzie, Joanne E and Elliott, Julian H},
  journal={Annals of Internal Medicine},
  year={2022},
  publisher={American College of Physicians}
}

@article{sterne2019rob,
  title={RoB 2: a revised tool for assessing risk of bias in randomised trials},
  author={Sterne, Jonathan AC and Savovi{\'c}, Jelena and Page, Matthew J and Elbers, Roy G and Blencowe, Natalie S and Boutron, Isabelle and Cates, Christopher J and Cheng, Hung-Yuan and Corbett, Mark S and Eldridge, Sandra M and others},
  journal={bmj},
  volume={366},
  year={2019},
  publisher={British Medical Journal Publishing Group}
}

@article{tsertsvadze2015conduct,
  title={How to conduct systematic reviews more expeditiously?},
  author={Tsertsvadze, Alexander and Chen, Yen-Fu and Moher, David and Sutcliffe, Paul and McCarthy, Noel},
  journal={Systematic reviews},
  volume={4},
  number={1},
  pages={1--6},
  year={2015},
  publisher={BioMed Central}
}

@article{khangura2012evidence,
  title={Evidence summaries: the evolution of a rapid review approach},
  author={Khangura, Sara and Konnyu, Kristin and Cushman, Rob and Grimshaw, Jeremy and Moher, David},
  journal={Systematic reviews},
  volume={1},
  number={1},
  pages={1--9},
  year={2012},
  publisher={BioMed Central}
}

@article{higgins2011cochrane,
  title={The Cochrane Collaboration’s tool for assessing risk of bias in randomised trials},
  author={Higgins, Julian PT and Altman, Douglas G and G{\o}tzsche, Peter C and J{\"u}ni, Peter and Moher, David and Oxman, Andrew D and Savovi{\'c}, Jelena and Schulz, Kenneth F and Weeks, Laura and Sterne, Jonathan AC},
  journal={Bmj},
  volume={343},
  year={2011},
  publisher={British Medical Journal Publishing Group}
}

@article{farrah2019risk,
  title={Risk of bias tools in systematic reviews of health interventions: an analysis of PROSPERO-registered protocols},
  author={Farrah, Kelly and Young, Kelsey and Tunis, Matthew C and Zhao, Linlu},
  journal={Systematic reviews},
  volume={8},
  number={1},
  pages={1--9},
  year={2019},
  publisher={BioMed Central}
}

@misc{elkins2013growth,
  title={Growth in the Physiotherapy Evidence Database (PEDro) and use of the PEDro scale},
  author={Elkins, Mark R and Moseley, Anne M and Sherrington, Catherine and Herbert, Robert D and Maher, Christopher G},
  journal={British Journal of Sports Medicine},
  volume={47},
  number={4},
  pages={188--189},
  year={2013},
  publisher={BMJ Publishing Group Ltd and British Association of Sport and Exercise Medicine}
}

@article{shea2017amstar,
  title={AMSTAR 2: a critical appraisal tool for systematic reviews that include randomised or non-randomised studies of healthcare interventions, or both},
  author={Shea, Beverley J and Reeves, Barnaby C and Wells, George and Thuku, Micere and Hamel, Candyce and Moran, Julian and Moher, David and Tugwell, Peter and Welch, Vivian and Kristjansson, Elizabeth and others},
  journal={bmj},
  volume={358},
  year={2017},
  publisher={British Medical Journal Publishing Group}
}

@book{higgins2019cochrane,
  title={Cochrane handbook for systematic reviews of interventions},
  author={Higgins, Julian PT and Thomas, James and Chandler, Jacqueline and Cumpston, Miranda and Li, Tianjing and Page, Matthew J and Welch, Vivian A},
  year={2019},
  publisher={John Wiley \& Sons}
}

@article{marshall2015automating,
  title={Automating risk of bias assessment for clinical trials},
  author={Marshall, Iain J and Kuiper, Jo{\"e}l and Wallace, Byron C},
  journal={IEEE journal of biomedical and health informatics},
  volume={19},
  number={4},
  pages={1406--1412},
  year={2015},
  publisher={IEEE}
}

@article{millard2016machine,
  title={Machine learning to assist risk-of-bias assessments in systematic reviews},
  author={Millard, Louise AC and Flach, Peter A and Higgins, Julian PT},
  journal={International journal of epidemiology},
  volume={45},
  number={1},
  pages={266--277},
  year={2016},
  publisher={Oxford University Press}
}

@article{marshall2016robotreviewer,
  title={RobotReviewer: evaluation of a system for automatically assessing bias in clinical trials},
  author={Marshall, Iain J and Kuiper, Jo{\"e}l and Wallace, Byron C},
  journal={Journal of the American Medical Informatics Association},
  volume={23},
  number={1},
  pages={193--201},
  year={2016},
  publisher={Oxford University Press}
}

@article{hartling2009risk,
  title={Risk of bias versus quality assessment of randomised controlled trials: cross sectional study},
  author={Hartling, Lisa and Ospina, Maria and Liang, Yuanyuan and Dryden, Donna M and Hooton, Nicola and Seida, Jennifer Krebs and Klassen, Terry P},
  journal={Bmj},
  volume={339},
  year={2009},
  publisher={British Medical Journal Publishing Group}
}

@article{vinkers2021methodological,
  title={The methodological quality of 176,620 randomized controlled trials published between 1966 and 2018 reveals a positive trend but also an urgent need for improvement},
  author={Vinkers, Christiaan H and Lamberink, Herm J and Tijdink, Joeri K and Heus, Pauline and Bouter, Lex and Glasziou, Paul and Moher, David and Damen, Johanna A and Hooft, Lotty and Otte, Willem M},
  journal={PLoS Biology},
  volume={19},
  number={4},
  pages={e3001162},
  year={2021},
  publisher={Public Library of Science San Francisco, CA USA}
}

@article{crocker2023risk,
  title={Risk-of-bias assessment using Cochrane's revised tool for randomized trials (RoB 2) was useful but challenging and resource-intensive: observations from a systematic review},
  author={Crocker, Thomas Frederick and Lam, Natalie and Jord{\~a}o, Magda and Brundle, Caroline and Prescott, Matthew and Forster, Anne and Ensor, Joie and Gladman, John and Clegg, Andrew},
  journal={Journal of Clinical Epidemiology},
  volume={161},
  pages={39--45},
  year={2023},
  publisher={Elsevier}
}

% Methodology

@article{ma2020methodological,
  title={Methodological quality (risk of bias) assessment tools for primary and secondary medical studies: what are they and which is better?},
  author={Ma, Lin-Lu and Wang, Yun-Yun and Yang, Zhi-Hua and Huang, Di and Weng, Hong and Zeng, Xian-Tao},
  journal={Military Medical Research},
  volume={7},
  number={1},
  pages={1--11},
  year={2020},
  publisher={Springer}
}

@article{wang2022risk,
  title={Risk of bias assessment in preclinical literature using natural language processing},
  author={Wang, Qianying and Liao, Jing and Lapata, Mirella and Macleod, Malcolm},
  journal={Research Synthesis Methods},
  volume={13},
  number={3},
  pages={368--380},
  year={2022},
  publisher={Wiley Online Library}
}

@article{dhrangadhariya2023first,
  title={First Steps Towards a Risk of Bias Corpus of Randomized Controlled Trials},
  author={Dhrangadhariya, Anjani and Hilfiker, Roger and Sattelmayer, Martin and Giacomino, Katia and Caliesch, Rahel and Elsig, Simone and Naderi, Nona and M{\"u}ller, Henning},
  journal={Caring is Sharing--Exploiting the Value in Data for Health and Innovation},
  pages={586--590},
  year={2023},
  publisher={IOS Press}
}

@article{soboczenski2019machine,
  title={Machine learning to help researchers evaluate biases in clinical trials: a prospective, randomized user study},
  author={Soboczenski, Frank and Trikalinos, Thomas A and Kuiper, Jo{\"e}l and Bias, Randolph G and Wallace, Byron C and Marshall, Iain J},
  journal={BMC Medical Informatics and Decision Making},
  volume={19},
  pages={1--12},
  year={2019},
  publisher={Springer}
}

@article{chang2023survey,
  title={A survey on evaluation of large language models},
  author={Chang, Yupeng and Wang, Xu and Wang, Jindong and Wu, Yuan and Zhu, Kaijie and Chen, Hao and Yang, Linyi and Yi, Xiaoyuan and Wang, Cunxiang and Wang, Yidong and others},
  journal={arXiv preprint arXiv:2307.03109},
  year={2023}
}

@misc{higgins2019,
  author = {Higgins, JPT and Savović, J and Page, MJ and Sterne, JAC and RoB2 development group},
  title = {Revised Cochrane Risk-of-Bias Tool for Randomized Trials (RoB2) 2019},
  year = {2019},
  url = {https://www.riskofbias.info/},
  note = {Accessed at June 2021}
}


%%%%%%%%%%%%%%%%%%%%%%%%%%%%%%%%%%%%%%%%%%
% Methodology
%%%%%%%%%%%%%%%%%%%%%%%%%%%%%%%%%%%%%%%%%%

@article{cohen1960coefficient,
  title={A coefficient of agreement for nominal scales},
  author={Cohen, Jacob},
  journal={Educational and psychological measurement},
  volume={20},
  number={1},
  pages={37--46},
  year={1960},
  publisher={Sage Publications Sage CA: Thousand Oaks, CA}
}

@article{martimbianco2023most,
  title={Most Cochrane systematic reviews and protocols did not adhere to the Cochrane's risk of bias 2.0 tool},
  author={Martimbianco, Ana Luiza Cabrera and S{\'a}, Kamilla Mayr Martins and Santos, Giovanna Marc{\'\i}lio and Santos, Elaine Marc{\'\i}lio and Pacheco, Rafael Leite and Riera, Rachel},
  journal={Revista da Associa{\c{c}}{\~a}o M{\'e}dica Brasileira},
  volume={69},
  pages={469--472},
  year={2023},
  publisher={SciELO Brasil}
}

@inproceedings{brandsen2020creating,
  title={Creating a dataset for named entity recognition in the archaeology domain},
  author={Brandsen, Alex and Verberne, Suzan and Lambers, K and Wansleeben, M and Calzolari, Nicoletta and B{\'e}chet, Fr{\'e}d{\'e}ric and Blache, Philippe and Choukri, Khalid and Cieri, Christopher and Declerck, Thierry and others},
  booktitle={Conference Proceedings LREC 2020},
  pages={4573--4577},
  year={2020},
  organization={The European Language Resources Association}
}

@inproceedings{deleger2012building,
  title={Building gold standard corpora for medical natural language processing tasks},
  author={Deleger, Louise and Li, Qi and Lingren, Todd and Kaiser, Megan and Molnar, Katalin and Stoutenborough, Laura and Kouril, Michal and Marsolo, Keith and Solti, Imre and others},
  booktitle={AMIA Annual Symposium Proceedings},
  volume={2012},
  pages={144},
  year={2012},
  organization={American Medical Informatics Association}
}

@article{neumann2021pawls,
  title={PAWLS: PDF annotation with labels and structure},
  author={Neumann, Mark and Shen, Zejiang and Skjonsberg, Sam},
  journal={arXiv preprint arXiv:2101.10281},
  year={2021}
}

@article{cejuela2014tagtog,
  title={tagtog: interactive and text-mining-assisted annotation of gene mentions in PLOS full-text articles},
  author={Cejuela, Juan Miguel and McQuilton, Peter and Ponting, Laura and Marygold, Steven J and Stefancsik, Raymund and Millburn, Gillian H and Rost, Burkhard and FlyBase Consortium},
  journal={Database},
  volume={2014},
  pages={bau033},
  year={2014},
  publisher={Oxford University Press}
}

@article{savovic2018association,
  title={Association between risk-of-bias assessments and results of randomized trials in Cochrane reviews: the ROBES meta-epidemiologic study},
  author={Savovi{\'c}, Jelena and Turner, Rebecca M and Mawdsley, David and Jones, Hayley E and Beynon, Rebecca and Higgins, Julian PT and Sterne, Jonathan AC},
  journal={American Journal of Epidemiology},
  volume={187},
  number={5},
  pages={1113--1122},
  year={2018},
  publisher={Oxford University Press}
}

@article{page2016empirical,
  title={Empirical evidence of study design biases in randomized trials: systematic review of meta-epidemiological studies},
  author={Page, Matthew J and Higgins, Julian PT and Clayton, Gemma and Sterne, Jonathan AC and Hr{\'o}bjartsson, Asbj{\o}rn and Savovi{\'c}, Jelena},
  journal={PloS one},
  volume={11},
  number={7},
  pages={e0159267},
  year={2016},
  publisher={Public Library of Science San Francisco, CA USA}
}

@article{vollert2020assessment,
  title={Assessment of placebo response in objective and subjective outcome measures in rheumatoid arthritis clinical trials},
  author={Vollert, Jan and Cook, Nancy R and Kaptchuk, Ted J and Sehra, Shiv T and Tobias, Deirdre K and Hall, Kathryn T},
  journal={JAMA network open},
  volume={3},
  number={9},
  pages={e2013196--e2013196},
  year={2020},
  publisher={American Medical Association}
}

@article{artstein2017inter,
  title={Inter-annotator agreement},
  author={Artstein, Ron},
  journal={Handbook of linguistic annotation},
  pages={297--313},
  year={2017},
  publisher={Springer}
}

@article{grimaldi2016imaging,
  title={Imaging techniques to evaluate cell therapy in peripheral artery disease: state of the art and clinical trials},
  author={Grimaldi, Vincenzo and Schiano, Concetta and Casamassimi, Amelia and Zullo, Alberto and Soricelli, Andrea and Mancini, Francesco Paolo and Napoli, Claudio},
  journal={Clinical Physiology and Functional Imaging},
  volume={36},
  number={3},
  pages={165--178},
  year={2016},
  publisher={Wiley Online Library}
}

@article{landis1977measurement,
  title={The measurement of observer agreement for categorical data},
  author={Landis, J Richard and Koch, Gary G},
  journal={biometrics},
  pages={159--174},
  year={1977},
  publisher={JSTOR}
}

@article{da2017effect,
  title={Effect of standardized training on the reliability of the Cochrane risk of bias assessment tool: a prospective study},
  author={da Costa, Bruno R and Beckett, Brooke and Diaz, Alison and Resta, Nina M and Johnston, Bradley C and Egger, Matthias and J{\"u}ni, Peter and Armijo-Olivo, Susan},
  journal={Systematic reviews},
  volume={6},
  number={1},
  pages={1--8},
  year={2017},
  publisher={BioMed Central}
}

@article{minozzi2022reliability,
  title={Reliability of the revised Cochrane risk-of-bias tool for randomised trials (RoB2) improved with the use of implementation instruction},
  author={Minozzi, Silvia and Dwan, Kerry and Borrelli, Francesca and Filippini, Graziella},
  journal={Journal of clinical epidemiology},
  volume={141},
  pages={99--105},
  year={2022},
  publisher={Elsevier}
}

@article{loef2022interrater,
  title={Interrater reliability of ROB2--an alternative measure and way of categorization},
  author={Loef, Martin and Walach, Harald and Schmidt, Stefan},
  journal={Journal of Clinical Epidemiology},
  volume={142},
  pages={326--327},
  year={2022},
  publisher={Elsevier}
}

@article{minozzi2020revised,
  title={The revised Cochrane risk of bias tool for randomized trials (RoB 2) showed low interrater reliability and challenges in its application},
  author={Minozzi, Silvia and Cinquini, Michela and Gianola, Silvia and Gonzalez-Lorenzo, Marien and Banzi, Rita},
  journal={Journal of clinical epidemiology},
  volume={126},
  pages={37--44},
  year={2020},
  publisher={Elsevier}
}

@article{singhal2023large,
  title={Large language models encode clinical knowledge},
  author={Singhal, Karan and Azizi, Shekoofeh and Tu, Tao and Mahdavi, S Sara and Wei, Jason and Chung, Hyung Won and Scales, Nathan and Tanwani, Ajay and Cole-Lewis, Heather and Pfohl, Stephen and others},
  journal={Nature},
  pages={1--9},
  year={2023},
  publisher={Nature Publishing Group UK London}
}

@article{li2023uttsr,
  title={UTTSR: A Novel Non-Structured Text Table Recognition Model Powered by Deep Learning Technology},
  author={Li, Min and Zhang, Liping and Zhou, Mingle and Han, Delong},
  journal={Applied Sciences},
  volume={13},
  number={13},
  pages={7556},
  year={2023},
  publisher={MDPI}
}

@article{li2019figure,
  title={Figure and caption extraction from biomedical documents},
  author={Li, Pengyuan and Jiang, Xiangying and Shatkay, Hagit},
  journal={Bioinformatics},
  volume={35},
  number={21},
  pages={4381--4388},
  year={2019},
  publisher={Oxford University Press}
}

@article{mchugh2012interrater,
  title={Interrater reliability: the kappa statistic},
  author={McHugh, Mary L},
  journal={Biochemia medica},
  volume={22},
  number={3},
  pages={276--282},
  year={2012},
  publisher={Medicinska naklada}
}

@article{byrt1993bias,
  title={Bias, prevalence and kappa},
  author={Byrt, Ted and Bishop, Janet and Carlin, John B},
  journal={Journal of clinical epidemiology},
  volume={46},
  number={5},
  pages={423--429},
  year={1993},
  publisher={Elsevier}
}

%%%%%%%%%%%%%%%%%%%%%%%%%%%%%%%%%%%%%%%%%%
% Result
%%%%%%%%%%%%%%%%%%%%%%%%%%%%%%%%%%%%%%%%%%

@article{gnang2020empirical,
  title={An Empirical Comparison of Statistical Methods for Missing Data in Randomized, Double-Blind, Placebo-Controlled, Phase 3 Clinical Trials for Chronic Pain and Lipid-Lowering Products},
  author={Gnang, Jeanine and Kim, Yoonhee and Ren, Yi and Travis, James and Kim, Yongman},
  journal={Therapeutic Innovation \& Regulatory Science},
  volume={54},
  pages={1416--1427},
  year={2020},
  publisher={Springer}
}

@article{shara2015randomly,
  title={Randomly and non-randomly missing renal function data in the strong heart study: a comparison of imputation methods},
  author={Shara, Nawar and Yassin, Sayf A and Valaitis, Eduardas and Wang, Hong and Howard, Barbara V and Wang, Wenyu and Lee, Elisa T and Umans, Jason G},
  journal={PloS one},
  volume={10},
  number={9},
  pages={e0138923},
  year={2015},
  publisher={Public Library of Science San Francisco, CA USA}
}

%%%%%%%%%%%%%%%%%%%%%%%%%%%%%%%%%%%%%%%%%%
% Discussion
%%%%%%%%%%%%%%%%%%%%%%%%%%%%%%%%%%%%%%%%%%

@article{wei2022chain,
  title={Chain-of-thought prompting elicits reasoning in large language models},
  author={Wei, Jason and Wang, Xuezhi and Schuurmans, Dale and Bosma, Maarten and Xia, Fei and Chi, Ed and Le, Quoc V and Zhou, Denny and others},
  journal={Advances in Neural Information Processing Systems},
  volume={35},
  pages={24824--24837},
  year={2022}
}

@article{gilbertson2000domiciliary,
  title={Domiciliary occupational therapy for patients with stroke discharged from hospital: randomised controlled trial},
  author={Gilbertson, Louise and Langhorne, Peter and Walker, Andrew and Allen, Ann and Murray, Gordon D},
  journal={Bmj},
  volume={320},
  number={7235},
  pages={603--606},
  year={2000},
  publisher={British Medical Journal Publishing Group}
}

@article{taylor2016novel,
  title={Novel three-day, community-based, nonpharmacological group intervention for chronic musculoskeletal pain (COPERS): a randomised clinical trial},
  author={Taylor, Stephanie JC and Carnes, Dawn and Homer, Kate and Kahan, Brennan C and Hounsome, Natalia and Eldridge, Sandra and Spencer, Anne and Pincus, Tamar and Rahman, Anisur and Underwood, Martin},
  journal={PLoS medicine},
  volume={13},
  number={6},
  pages={e1002040},
  year={2016},
  publisher={Public Library of Science San Francisco, CA USA}
}

@article{myer2018integration,
  title={Integration of postpartum healthcare services for HIV-infected women and their infants in South Africa: a randomised controlled trial},
  author={Myer, Landon and Phillips, Tamsin K and Zerbe, Allison and Brittain, Kirsty and Lesosky, Maia and Hsiao, Nei-Yuan and Remien, Robert H and Mellins, Claude A and McIntyre, James A and Abrams, Elaine J},
  journal={PLoS medicine},
  volume={15},
  number={3},
  pages={e1002547},
  year={2018},
  publisher={Public Library of Science San Francisco, CA USA}
}

@article{thorndike2014activity,
  title={Activity monitor intervention to promote physical activity of physicians-in-training: randomized controlled trial},
  author={Thorndike, Anne N and Mills, Sarah and Sonnenberg, Lillian and Palakshappa, Deepak and Gao, Tian and Pau, Cindy T and Regan, Susan},
  journal={PloS one},
  volume={9},
  number={6},
  pages={e100251},
  year={2014},
  publisher={Public Library of Science San Francisco, USA}
}

@article{hassett2020digitally,
  title={Digitally enabled aged care and neurological rehabilitation to enhance outcomes with Activity and MObility UsiNg Technology (AMOUNT) in Australia: A randomised controlled trial},
  author={Hassett, Leanne and van den Berg, Maayken and Lindley, Richard I and Crotty, Maria and McCluskey, Annie and van der Ploeg, Hidde P and Smith, Stuart T and Schurr, Karl and Howard, Kirsten and Hackett, Maree L and others},
  journal={PLoS medicine},
  volume={17},
  number={2},
  pages={e1003029},
  year={2020},
  publisher={Public Library of Science San Francisco, CA USA}
}


@article{gleason2015effects,
  title={Effects of hormone therapy on cognition and mood in recently postmenopausal women: findings from the randomized, controlled KEEPS--cognitive and affective study},
  author={Gleason, Carey E and Dowling, N Maritza and Wharton, Whitney and Manson, JoAnn E and Miller, Virginia M and Atwood, Craig S and Brinton, Eliot A and Cedars, Marcelle I and Lobo, Rogerio A and Merriam, George R and others},
  journal={PLoS medicine},
  volume={12},
  number={6},
  pages={e1001833},
  year={2015},
  publisher={Public Library of Science San Francisco, CA USA}
}

@article{darlow2019fear,
  title={The Fear Reduction Exercised Early (FREE) approach to management of low back pain in general practice: a pragmatic cluster-randomised controlled trial},
  author={Darlow, Ben and Stanley, James and Dean, Sarah and Abbott, J Haxby and Garrett, Sue and Wilson, Ross and Mathieson, Fiona and Dowell, Anthony},
  journal={PLoS medicine},
  volume={16},
  number={9},
  pages={e1002897},
  year={2019},
  publisher={Public Library of Science San Francisco, CA USA}
}

@article{solomons2020intramuscular,
  title={Intramuscular stimulation vs sham needling for the treatment of chronic midportion Achilles tendinopathy: a randomized controlled clinical trial},
  author={Solomons, Lyndal and Lee, Jenny JY and Bruce, Margaret and White, Lynita D and Scott, Alex},
  journal={PLoS One},
  volume={15},
  number={9},
  pages={e0238579},
  year={2020},
  publisher={Public Library of Science San Francisco, CA USA}
}

@article{stuck2015effect,
  title={Effect of health risk assessment and counselling on health behaviour and survival in older people: a pragmatic randomised trial},
  author={Stuck, Andreas E and Moser, Andr{\'e} and Morf, Ueli and Wirz, Urban and Wyser, Joseph and Gillmann, Gerhard and Born, Stephan and Zwahlen, Marcel and Iliffe, Steve and Harari, Danielle and others},
  journal={PLoS medicine},
  volume={12},
  number={10},
  pages={e1001889},
  year={2015},
  publisher={Public Library of Science San Francisco, CA USA}
}

